4476 6346
544 607 563 618 ι.
1374 629 1375 632 ψ
1488 549 1543 638 v

141 675 243 830 bus
279 679 545 832 proximis
581 672 716 788 hisce
752 669 1079 830 temporibus
1120 675 1285 791 effossa
1331 764 1348 809 ,
1390 711 1544 830 atque

142 833 211 942 ex
265 834 561 982 archetypis
614 825 815 944 summa
869 831 933 941 ab
992 828 1102 984 ipso
1161 830 1264 942 fide
1320 855 1389 950 ac'
1420 832 1540 946 dili-

145 990 320 1132 gentia
357 983 651 1137 exscripta,
689 995 806 1096 tiam
840 984 1049 1098 aliunde
1086 987 1408 1104 Amicorum
1441 1025 1545 1141 ope

148 1135 367 1288 quaesrta
421 1145 630 1292 privato
687 1137 855 1251 studio
886 1146 968 1251 oin
993 1136 1318 1252 .Adversaria
1355 1179 1542 1258 contu·

146 1292 270 1404 liiiet
290 1335 311 1423 ς
350 1297 456 1419 Ea,
489 1331 576 1403 me
613 1289 1119 1438 hortante,selegit,
1156 1335 1449 1443 quaecum
1489 1303 1546 1408 in

145 1439 470 1598 ampliffimis
509 1449 765 1574 Gruteri,
801 1447 1061 1572 Reinelii,
1097 1448 1301 1574 Gudii,
1341 1451 1544 1570 Donii,

143 1601 374 1714 -Fabretti
416 1679 434 1725 ,
487 1601 697 1728 Gorii,
745 1603 1031 1717 Muratorii
1071 1680 1088 1723 ‚
1127 1595 1312 1734 Maffei
1366 1604 1547 1719 Colle-

152 1755 414 1866 ilionibus
454 1793 779 1904 nequaquam
817 1761 1202 1880 inveniantur,
1241 1759 1432 1870 inedita
1461 1769 1549 1896 ju·

146 1949 212 2020 re
247 1905 497 2032 censuit,¹
519 1905 966 2061 opportunisque,
986 1908 1079 2023 ubi
1117 1949 1226 2060 par·
1247 1908 1418 2026 visum
1458 1915 1547 2036 est,

145 2059 601 2176 observationibus
642 2057 931 2174 doiliffime
965 2061 1179 2214 exponit
1200 2144 1221 2189 ,a
1256 2065 1545 2216 pretiosum

147 2215 392 2371 proieelo
444 2217 731 2362 Parergon-
752 2298 776 2344 2
807 2212 1263 2344 Differtationibus
1317 2215 1416 2332 suis
1458 2215 1553 2328 ad·

154 2400 316 2510 Jecrt‘.
644 2451 649 2460 -
1115 2473 1117 2477 ,

231 2625 233 2632 ,
347 2525 625 2640 Accedunt
682 2525 820 2670 quali
879 2521 1151 2638 Mantiffite
1187 2525 1308 2636 loco
1340 2525 1544 2669 'Inscri-

144 2689 342 2831 prienes
386 2686 636 2826 antiquae
681 2719 745 2792 erc
800 2683 1123 2794 Bibliotheca
1178 2679 1548 2796 monachorum

151 2832 610 2972 Camaldulenstum
656 2833 717 2942 S·-
742 2833 990 2973 Gregorii
1039 2832 1096 2933 in
1127 2831 1305 2940 Monte
1335 2827 1544 2939 coelio,

157 3025 279 3130 quas
336 2979 402 3087 ad
441 2979 889 3126 autographorurn
939 2969 1098 3082 fidem
1138 2967 1413 3120 exscriptas
1455 2967 1553 3076 do·
1737 2981 1740 2988 '

154 3139 270 3258 ete,
311 3127 1040 3283 diligenterqueexplicarunt
1073 3127 1332 3234 Monachi¹
1350 3115 1555 3254 Camal»

149 3281 385 3400 dolenses
406 3279 744 3398 Eruditiffrmi
783 3283 1034 3397 Clemens
1050 3274 1244 3394 Blasms
1265 3361 1285 3408 ‚
1320 3285 1376 3388 ὅ(
1397 3277 1555 3386 Fran·

156 3439 321 3554 cil'cus
358 3434 654 3555 Sandrius.

149 3687 153 3696 .
329 3596 440 3752 Qi
480 3590 589 3707 illas
626 3631 654 3700 e
691 3593 891 3704 Terrae
926 3583 1209 3699 visceribus
1254 3591 1348 3702 vix
1381 3609 1552 3700 erutas
1646 3633 1648 3638 ·

159 3749 222 3859 ab
242 3751 449 3882 'injuria
500 3775 804 3897 temporum
827 3823 844 3866 ,
866 3738 1232 3852 illiteratorum
1271 3743 1552 3874 hominum

162 3906 423 4046 ignavia,
485 3929 639 4048 atque
669 3893 1037 4048 ‚lapicidarum
1091 3891 1294 4044 scalpro
1353 3891 1556 4000 strenue

148 4052 434 4169 ‚vindicans
476 4059 530 4164 in
570 4052 876 4164 Monasterii
915 4046 990 4160 sui
1024 4047 1342 4158 Bibliotheca
1381 4125 1397 4168 ,
1430 4035 1557 4180 ejul-

150 4243 259 4361 que
296 4206 489 4322 atriolo
526 4203 808 4316 collocavit
842 4201 915 4316 D.
951 4203 1176 4314 Maurus
1220 4198 1400 4312 Abbas
1441 4197 1553 4306 Sar·-
1732 4225 1733 4230 ‘

147 4374 261 4478 tius
302 4361 402 4496 Vir
455 4363 616 4503 longe
670 4350 995 4470 Clarilltmus
1037 4438 1054 4483 ,
1113 4369 1171 4474 &
1210 4351 1390 4468 multis
1448 4357 1553 4485 jam

148 4520 313 4633 ‘editis
342 4511 650 4658 edendisque
687 4503 989 4622 doitiilrmia
1032 4509 1180 4638 libris
1217 4509 1284 4619 de
1321 4511 1403 4618 Re
1442 4507 1556 4614 Lit-

155 4674 347 4801 ,teraria
386 4664 620 4788 universa
656 4672 858 4820 optime
898 4666 1155 4791 meritus,
1194 4655 1418 4925 optalleq
1437 4696 1560 4920 qro-

859 4861 888 4926 a
929 4855 961 4958 3
1410 4847 1464 4922 ee
1488 4849 1561 4942 ο,
