4478 6360
368 525 449 616 nn
500 521 1008 615 rnarrntuottuu
1058 521 1270 623 renuo.
1343 565 1346 576 ν
1467 519 1507 652 5

119 667 299 776 inquam
322 669 544 774 invenies3
578 664 705 748 multa
727 667 819 749 illic
852 665 905 750 de
934 661 1247 749 Trallianorum
1269 657 1508 777 splendore,

122 779 525 896 amplitudineque,
551 781 604 867 de
628 781 757 868 Urbis
789 780 910 880 casu,
944 781 979 864 u
1009 785 1127 865 ruina
1159 787 1339 866 omnino
1367 778 1508 864 nihil.

126 901 277 1008 Neque
301 903 418 984 enim
453 896 534 982 ltuc
563 901 783 1014 pertinere
813 897 1028 994 arbitror,
1052 926 1155 1010 quae
1187 894 1246 981 de
1265 899 1511 984 Tralliano-
1573 959 1578 970 2

129 1039 226 1096 runt
259 1013 479 1126 gymnasto
512 1037 777 1100 terraemotu
801 1013 961 1129 dejet‘lo
983 1065 998 1110 ,
1022 1036 1147 1127 atque
1168 1016 1221 1100 ab
1236 1012 1421 1129 Augusio
1439 1043 1512 1127 pe·

132 1130 255 1209 cunia
283 1129 350 1226 sua
379 1129 577 1218 rellituto
602 1182 621 1220 ³
650 1131 766 1216 idem
800 1150 937 1217 narrat
970 1135 1076 1233 (a).
1112 1136 1228 1214 Nam
1256 1137 1310 1226 (a
1334 1124 1513 1240 nostra-r
1550 1140 1595 1213 (a)
1616 1135 1837 1208 tanturn.

133 1260 274 1326 aetate
300 1264 502 1329 tremores
530 1267 654 1330 terra
674 1243 929 1358 Magneſsam
955 1247 1225 1345 dejecerant,
1249 1245 1439 1362 quando,
1460 1243 1514 1338 ὅ)
1551 1238 1689 1304 pagan.
1831 1349 1834 1356 Ι

132 1357 322 1461 Sardes,
348 1359 403 1452 θ
430 1361 541 1444 aliae
563 1360 829 1476 nabilifflmae
843 1362 964 1448 arbes
987 1361 1039 1444 ab
1065 1360 1207 1471 iisdem
1224 1365 1332 1478 suat
1348 1360 1517 1472 graulfi

118 1467 232 1582 ſsme
259 1471 447 1585 afflie‘lae
477 1477 620 1586 maltis
641 1477 876 1588 partibus,
905 1485 1142 1586 Imperator
1167 1495 1312 1562 tamea
1352 1479 1517 1582 (Tibe-

135 1591 266 1687 rius)
289 1588 541 1702 instauravit
561 1645 575 1690 ,
599 1593 826 1701 pecuniam
860 1593 1073 1702 largita53
1096 1593 1204 1704 qaod
1231 1587 1423 1706 beneficii
1442 1619 1519 1700 ge-

134 1727 213 1785 nas
245 1723 344 1788 ante
375 1706 500 1789 etiam
520 1707 792 1820 praestiterat
852 1728 945 1793 ater
969 1710 1056 1807 ejas
1087 1709 1323 1821 (Augustus
1343 1713 1371 1807 )'
1391 1707 1519 1796 Tral·
1572 1701 1578 1718 ’

135 1812 270 1900 liaris
303 1875 317 1920 ,
349 1847 441 1906 cart
474 1850 611 1907 eorum
643 1726 856 1941 corruisti
898 1823 1202 1936 gymnastam.
1246 1829 1301 1910 At
1338 1824 1522 1938 longe,

135 1930 507 2132 dltturbis'wtius
537 1943 719 2027 interitu
750 1940 958 2054 gymnasii
997 1947 1118 2026 unius
1153 1944 1308 2041 ruina,
1337 1943 1374 2026 dt
1408 1935 1527 2026 casus

167 2075 181 2131 1
219 2069 295 2134 al.
895 2114 898 2120 .
1479 2105 1483 2114 .

226 2171 309 2252 tv.
344 2172 485 2278 ‘Haec
512 2199 611 2258 cum
630 2179 690 2260 ita
715 2168 790 2258 fior
820 2170 1036 2260 dubitabit
1064 2174 1218 2284 opinor
1248 2197 1375 2258 nemo
1393 2222 1408 2271 ,
1427 2179 1532 2286 quin

139 2282 320 2369 vetustis
350 2291 490 2388 etiam·
514 2289 780 2402 temporibus
808 2288 913 2376 duae
941 2287 1098 2374 luerint
1130 2286 1301 2371 Tralles
1318 2316 1529 2401 ,quarum

139 2403 423 2512 ignoratione
456 2403 610 2490 saelum
637 2406 716 2504 stt,
751 2427 795 2491 ut
827 2435 931 2518 quae
956 2409 1075 2489 unius
1097 2408 1274 2518 propria
1297 2423 1447 2507 erant,¹
1470 2405 1532 2488 al·

143 2524 225 2601 teri
262 2516 594 2620 tribuerentur,
626 2519 903 2637 eamdemque
939 2521 1088 2606 urbem
1123 2517 1199 2601 hic
1227 2517 1451 2603 Maeandri
1484 2524 1531 2602 in
1575 2551 1577 2556 ’

152 2637 236 2742 ripa
270 2686 283 2736 ‚
319 2635 391 2720 ille
427 2658 562 2750 prope
595 2635 820 2723 Eudonum
853 2635 1094 2723 collocaret
1122 2661 1141 2742 ·,
1173 2635 1248 2719 hic
1282 2661 1305 2738 a
1343 2631 1530 2746 Pelasgis
1589 2707 1595 2726 ,

150 2745 224 2832 ille
249 2770 389 2837 autent
420 2751 470 2837 ab
499 2758 678 2865 Argivis
716 2747 940 2836 conditam
981 2752 1108 2838 vellet
1148 2805 1159 2827 ·
1209 2755 1371 2835 Harum
1402 2751 1533 2838 altera

145 2867 191 2946 in
225 2864 410 2976 Lydia,
456 2864 540 2954 srve
571 2870 711 2981 potius
745 2871 790 2949 in
830 2872 995 2967 Caria,
1028 2893 1112 2948 non
1143 2867 1270 2973 longe
1302 2893 1324 2945 a
1363 2868 1534 2948 Maean·

141 2975 222 3063 dro
254 3011 270 3089 3
305 2983 453 3070 Altera
498 3011 602 3070 vero
641 2987 687 3068 in
728 2978 822 3068 Afia
854 2979 1151 3068 Proconsulari
1188 2973 1368 3062 Eudono
1399 2980 1533 3093 impo-

139 3092 247 3195 tua,
278 3119 322 3182 ut
352 3100 551 3201 Plinius,
578 3119 702 3212 atque
744 3098 1037 3212 Etymologus
1073 3094 1273 3180 authores
1310 3091 1429 3178 sunt·
1462 3099 1538 3180 At·

140 3237 222 3323 que
245 3211 321 3296 bic
352 3214 527 3324 quidem
553 3215 748 3317 Tralles,
775 3243 872 3327 quas
902 3213 1103 3298 Eudonus¹
1124 3209 1475 3323 praeterfluebat,
1493 3213 1539 3292 io

142 3323 276 3424 Alia,
305 3357 410 3442 quae
438 3327 988 3441 Proconsularisdeinceps
1019 3329 1130 3414 dicia
1162 3325 1253 3426 est,
1274 3321 1423 3423 fuisse,
1456 3347 1542 3408 nou

145 3441 329 3528 obscure
355 3444 502 3532 docuit
537 3501 552 3546 ,
582 3476 679 3532 cum
707 3454 768 3532 ait
807 3448 1013 3560 'spumaue
1037 3441 1256 3541 autiuerat
1284 3442 1353 3528 τῆς
1386 3437 1544 3554 A'etu,

144 3561 244 3650 Asta
268 3587 446 3673 namque
473 3565 677 3676 peculiari
703 3570 879 3649 nomine
901 3580 1137 3674 nuncupata
1154 3559 1240 3657 est,
1262 3560 1385 3668 regio
1406 3553 1544 3668 Ephe·

146 3687 194 3766 so
223 3680 457 3789 adjacens,
484 3708 590 3791 quae
629 3680 736 3764 olim
771 3684 896 3762 Ionia
925 3675 1184 3773 dicebatur,
1222 3700 1409 3785 quaeque
1434 3668 1545 3782 adje-

150 3804 226 3885 ctis
256 3790 562 3906 Hellesponto,
583 3817 707 3910 atque
739 3793 892 3882 insulis
918 3790 1057 3902 Astura
1082 3786 1421 3899 Proconsularem
1442 3813 1566 3872 con·.

154 3917 297 4004 stituit
327 3913 431 4012 ,uti
461 3940 510 3998 ex
551 3933 697 3997 vetere
724 3909 906 3995 authore
938 3909 991 3995 de
1025 3910 1136 3993 locis
1174 3911 1337 3988 alinum
1368 3899 1550 4014 Apollo·

156 4037 300 4122 lorum
331 4031 437 4112 redte
457 4022 706 4112 observavit
735 4023 1011 4108 Schelllratus
1039 4022 1137 4130 (ωε
1173 4015 1321 4102 Prima
1349 4013 1400 4126 est
1431 4013 1551 4124 Astae
1585 3986 1879 4150 (xllcff‘xh‘jssndfff'

157 4142 439 4244 Provinciae,
471 4168 579 4254 qaae
608 4140 786 4249 proprie
820 4134 917 4248 Asta
944 4137 1202 4230 uocabatur,
1233 4129 1287 4223 ἒν
1307 4131 1459 4244 Epheso
1479 4129 1551 4214 ad·
1610 4122 1655 4147 '⁸

155 4264 362 4374 iacebam
392 4259 507 4342 Unde
539 4255 689 4340 author
717 4255 767 4338 de
796 4247 902 4336 lacis
936 4249 1015 4336 att.
1038 4247 1216 4365 Apaslol.
1251 4242 1364 4330 reate
1398 4265 1550 4350 notat,

150 4375 407 4503 specialiter
440 4373 513 4456 ubi
549 4369 728 4484 Ephesus
761 4368 927 4454 Ciuitas
958 4364 1011 4482 est
1038 4421 1055 4467 ,
1082 4365 1223 4476 Aſsum
1263 4363 1407 4447 uacari
1438 4391 1450 4448 r
1481 4367 1554 4447 Se·

160 4497 299 4586 canda
330 4487 379 4605 est
401 4489 524 4602 Aſsae
558 4483 904 4598 Proconsularis,
932 4511 1039 4598 quae
1058 4482 1250 4598 Asturam
1271 4537 1287 4589 ,
1309 4479 1553 4592 Hellespon-

160 4641 292 4706 tum,
319 4615 371 4698 (a
407 4606 638 4720 insularem
662 4600 911 4712 prauiaciat
945 4597 1214 4695 coritirtebat,
1233 4593 1286 4686 (9²
1317 4592 1555 4706 Proconsuli

161 4732 214 4818 a'rt
239 4721 393 4814 notitia
417 4720 654 4807 tribuitur.
684 4716 835 4802 Tertia
859 4711 912 4825 est
924 4768 939 4809 ,
953 4711 1270 4825 provinciarum
1290 4709 1557 4824 reliquarum

159 4844 288 4961 Asiae
320 4897 335 4941 ,
369 4863 471 4946 quae
500 4831 672 4922 Vitario
702 4831 919 4946 parebant
949 4883 963 4930 ,
990 4825 1047 4922 (a.
1085 4855 1168 4912 aaa
1203 4853 1294 4910 cum
1318 4823 1583 4934 propinatu

151 4951 529 5083 proconsularibus
566 4969 700 5037 tutata
736 4943 946 5060 Astaaam'
968 4943 1187 5058 Dioecefira
1223 4938 1554 5140 cuallitaeblantl.

991 5077 993 5082 ’
1066 5109 1068 5114 ·
1470 5081 1519 5140 ra
1544 5095 1563 5116 ·
