4440 6354
696 543 914 710 gii
1041 565 1172 661 nn
1279 528 1735 663 urrant

700 709 874 830 quidem
893 702 987 820 ipsi
1009 709 1055 792 iu
1069 695 1406 818 quadrato-cujus
1427 691 1532 778 latus
1561 692 1618 778 eit
1632 687 1772 809 ped-r.¹
1789 687 1943 804 poll-5·
1961 683 2108 800 paris.

704 843 953 920 excavatum
965 821 1026 908 ell‘
1037 819 1329 930 Horologium
1345 873 1360 911 ,
1376 805 1430 894 ad
1453 805 1669 914 atalpero,
1684 803 1749 892 seu
1766 808 2028 921 aequaturis
2046 807 2116 888 iu·

573 1009 575 1012 -
707 943 986 1046 clinationem
1006 929 1243 1030 succisum,
1264 917 1920 1036 illudque.Hemicyclifiguram
1953 920 2114 1004 inrita·

708 1049 1028 1146 rur.'virrurli
1058 1047 1185 1137 verba
1201 1039 1348 1130 obiter
1379 1034 1673 1148 &velutiper
1689 1034 1956 1124 transennam
1989 1029 2115 1124 dieta

545 1235 547 1240 .
709 1165 1049 1288 parumfeliciter
1063 1157 1287 1277 exposudre
1301 1169 1510 1269 quotquot
1533 1155 1736 1264 Magnum
1758 1151 1870 1238 lrunc
1886 1151 2009 1240 artis
2031 1157 2117 1236 Ar·

711 1285 1252 1392 cltiteiionicaeparentem
1272 1269 1541 1377 interpretati
1558 1257 1665 1364 sunt,
1682 1261 1819 1354 donee
1839 1295 1952 1356 anno
1978 1267 2112 1374 ¹746·

710 1403 761 1490 ex
798 1402 995 1508 antiquae
1023 1392 1160 1478 Villae
1203 1381 1422 1474 ruderibus
1459 1383 1506 1464 in
1535 1383 1686 1462 Monte
1722 1381 1972 1496 Tusculana
2004 1410 2110 1486 eru.

711 1538 802 1612 turn
837 1507 919 1596 suit
958 1503 1092 1594 fimile
1116 1503 1435 1614 Horologium,
1455 1489 1571 1607 quod
1601 1491 1835 1582 iniblusaeo
1860 1501 1903 1584 Κ
1909 1491 2118 1584 irkeriri·

709 1655 766 1716 err
792 1621 1075 1732 asservatum,
1107 1614 1330 1734 ingeniosi
1355 1607 1650 1723 explicatione
1679 1605 1857 1718 donavit
1881 1617 1959 1698 vir
1986 1615 2114 1700 clar.

711 1725 993 1832 Boscovil'tius
1011 1793 1022 1816 .
1038 1715 1193 1826 Paucis
1224 1728 1316 1847 polt
1345 1723 1463 1812 annis
1486 1729 1709 1812 inventum
1735 1721 1816 1810 suit
1841 1719 1959 1812 aliud
1981 1725 2117 1814 sirni-

712 1859 765 1944 lis
794 1853 1015 1940 structurae
1048 1850 1337 1961 Horologium
1365 1845 1410 1926 in
1436 1867 1541 1954 agro
1562 1841 1759 1926 Romano
1792 1839 1908 1954 quod
1941 1842 2118 1928 tellau·

713 1993 858 2076 ratum,
889 1967 1039 2078 suoque
1056 1960 1211 2082 (indice
1252 1957 1488 2064 instruitum
1526 2008 1542 2054 ,
1576 1959 1621 2042 in
1639 1949 1816 2066 *Musaeo
1835 1957 2114 2070 Capitoli-no

709 2069 840 2168 l'r'oras
867 2077 1122 2176 demonstrat
1141 2061 1453 2182 ,-··Atiadeinde.
1471 2063 1709 2184 hujusmodi
1737 2071 1991 2186 Horologia
2018 2071 2116 2158 duo

708 2195 871 2282 deteiia
903 2191 1237 2308 suere'quorum
1274 2199 1402 2272 unum
1433 2175 1629 2286 Romae,
1657 2183 1836 2273 alterum
1856 2187 2036 2283 Tibure
2055 2195 2110 2273 in

709 2314 897 2426 priuatis
921 2306 1099 2396 aedibus
1131 2305 1353 2412 seruantur
1382 2357 1396 2384 .
1428 2297 1630 2400 Tandem
1673 2299 1789 2386 inter
1819 2301 2108 2390 Herculanae

706 2427 837 2512 Urbis
855 2441 1129 2510 monumenta
1147 2427 1321 2529 Tum-3.
1335 2413 1593 2502 describitur
1609 2413 1793 2526 ejusdem
1818 2416 2111 2534 construetio-

587 2632 590 2638 ,
705 2545 777 2636 nis,
801 2535 1086 2650 Horologium
1105 2595 1116 2616 .
1132 2535 1278 2649 Neque
1296 2538 1431 2620 otiam
1452 2529 1551 2616 huic
1573 2531 1717 2616 nollro
1737 2529 1938 2628 disimile
1971 2533 2107 2626 vide·

708 2673 780 2739 tur
811 2651 926 2734 aliud
945 2651 1058 2761 quod
1077 2649 1255 2738 Athenis
1273 2655 1317 2735 in
1338 2644 1521 2760 ejusdem
1542 2650 1752 2731 Civitatis
1772 2673 1868 2733 arce
1898 2651 2103 2760 propriis

643 2757 650 2798 '
704 2764 838 2852 oculis
866 2762 905 2850 se
923 2762 1155 2874 observasse
1170 2763 1298 2854 refert
1328 2767 1385 2848 tt.
1404 2761 1444 2846 le
1461 2757 1544 2844 Roi
1575 2762 1619 2845 in
1640 2787 1773 2874 opere
1790 2786 1803 2846 t
1819 2763 1870 2847 de
1885 2761 2102 2876 illustrio-

698 2877 819 2970 ribus
837 2981 839 2986 Ι
857 2879 1009 2978 veteris
1050 2875 1258 2978 Graeciae
1281 2871 1538 2986 ruderibus:
1561 2903 1612 2963 ex
1639 2875 1720 2990 qui
1763 2884 2101 2972 enumeratione

587 3103 595 3108 ⁸
698 2992 968 3107 intelligitur
1011 2998 1126 3082 intra
1156 3021 1312 3108 paucos
1345 3019 1476 3100 annos
1516 2993 1712 3106 publicae
1743 2989 1829 3079 luci
1866 2991 2101 3083 restituta„

694 3105 826 3196 iuilse
858 3106 1016 3220 septem
1048 3109 1167 3226 hujus
1191 3112 1413 3198 nruaurae
1440 3107 1682 3220 Horologia
1706 3133 1809 3222 quae
1831 3105 2095 3220 abantiquis

702 3221 972 3336 temporibus
1003 3223 1089 3312 alte
1122 3223 1275 3338 sepulta
1304 3225 1515 3334 jacuerant
1548 3277 1558 3302 .
1591 3221 1831 3338 Quocum
1876 3227 1942 3307 ita
1977 3217 2096 3328 srnt,

699 3343 865 3424 mirum
893 3338 1049 3428 nonell
1080 3337 1194 3452 quod
1221 3339 1445 3451 genuinam
1471 3333 1571 3426 talis
1588 3335 1811 3448 horologii
1844 3333 2093 3423 ilrusturam

701 3477 790 3538 non
821 3451 1079 3537 tradiderint
1110 3453 1308 3560 Vitruuii
1336 3456 1624 3562 interpretes,
1645 3453 1794 3562 quibus
1830 3448 2090 3560 instrumen-

702 3583 799 3651 tum
828 3551 931 3670 illud
962 3563 1100 3650 oculis
1125 3559 1318 3680 usurpare
1347 3559 1493 3648 datum
1519 3591 1605 3649 non
1640 3561 1698 3652 eil
1726 3596 1743 3676 3
1772 3569 1939 3653 imber
1974 3571 2087 3678 anti·

735 3677 917 3764 uioribus
949 3677 1254 3792 interpretibus
1279 3680 1458 3764 invenio
1491 3678 1653 3792 aliquos
1686 3681 1757 3790 qui
1789 3707 1840 3768 ne
1882 3681 1967 3794 ipsa
1990 3686 2089 3795 qui·

701 3707 804 3889 ‚dem
837 3795 1034 3878 Vitruvii
1060 3795 1187 3880 uerba
1215 3793 1356 3904 legere
1384 3809 1537 3898 norunt
1570 3791 1798 3893 accurate,
1829 3799 1866 3883 dt
1893 3823 2089 3886 nomen.-

698 3901 883 4002 inrasae
912 3903 1028 4021 quod
1062 3935 1187 3996 unum
1215 3905 1310 4001 est,
1340 3901 1496 3991 induo
1531 3893 1572 3993 ir
1600 3915 1741 4002 mira
1777 3916 1929 4022 partiti
1957 3909 2081 3998 sunt.

699 4039 829 4132 atque
857 4025 918 4105 ita
947 4029 1142 4122 Austoris
1173 4019 1329 4110 sensum
1361 4022 1538 4112 omnino
1552 4024 1886 4135 perturbarunt·
1919 4026 2087 4116 Verum

701 4131 1045 4245 grammaticales
1084 4141 1252 4226 errores
1282 4137 1472 4242 hicnon
1503 4163 1688 4246 moror,
1736 4141 2088 4232 Gmmnnicam

620 4276 650 4304 ⁸
701 4243 835 4334 nostri
874 4247 1111 4360 Horologii
1143 4250 1382 4335 ilrueturam
1408 4249 1603 4368 usumque
1629 4251 1840 4366 explicare
1858 4249 1960 4344 satis
1983 4265 2087 4358 erit.

833 4361 989 4474 ltaque
1014 4362 1243 4478 Horologii
1284 4361 1460 4478 figuram
1500 4362 1686 4478 primtlrn
1735 4369 2087 4483 repraesentabo,

662 4573 679 4582 ‚
705 4469 962 4592 ungulasque
994 4477 1109 4564 illius
1143 4499 1286 4595 partes
1311 4504 1362 4565 ex
1390 4476 1543 4568 ordine
1568 4475 1830 4570 describam.
1860 4489 1926 4572 Ex
1970 4487 2088 4576 Mar-

702 4617 827 4678 more
854 4590 971 4706 quod
1002 4591 1174 4682 Parium
1199 4591 1345 4680 dicunt
1373 4647 1388 4696 ‚
1417 4615 1609 4708 paratum
1630 4596 1692 4702 etl
1723 4595 1807 4684 lrnc
1838 4599 2088 4691 instrumen-

702 4719 828 4804 tum,
849 4729 981 4821 ¹atque
1009 4713 1053 4794 in
1083 4709 1165 4796 boc
1196 4706 1340 4796 differt
1370 4719 1594 4800 acaeteris
1625 4711 1728 4830 quae
1755 4715 1979 4808 Rornae&
2006 4715 2087 4802 Ti·

700 4815 806 4949 bure
833 4821 1029 4920 uisuntur
1057 4823 1328 4938 horologiis3
1357 4824 1446 4914 sunt
1474 4829 1588 4915 enim
1617 4853 1667 4916 ex
1709 4828 1874 4942 vulgati
1911 4829 2087 4947 lapide.

699 4929 904 5032 Dimidii
920 4938 1012 5060 plus
1032 4971 1157 5062 quam
1195 4960 1324 5060 parte
1357 4937 1517 5036 saluum
1548 4948 1989 5147 iorauunqreearah
2012 4975 2093 5044 oo·

699 5115 702 5120 ,
763 5101 779 5112 ··
1332 5093 1334 5098 ’
1995 5090 2090 5154 tum
