4454 6338
350 707 356 718 ,
565 653 570 661 Δ
739 709 748 729 ,
817 645 823 656 ·
997 693 998 696 ,
1367 701 1368 706 a
1443 579 1574 706 295

380 705 607 816 „Pag.28r·
642 699 710 788 vel
737 699 830 818 ipso.
865 729 1016 798 anuo:
1042 701 1164 793 Adde
1274 705 1348 825 (r)

203 883 205 890 .
300 813 589 906 Cluniacenses
623 817 706 902 hoc
727 817 818 934 ipso
839 847 947 908 anno
987 821 1578 932 1145.‚e0Arnaidrstaxur‘n
1706 821 1710 826 ’

191 928 373 1032 tumultu
400 986 415 1034 ,
445 961 528 1048 quo
560 937 772 1046 Eugenius
813 933 1021 1024 Pontifex
1056 942 1193 1028 tertio
1230 939 1445 1026 ele'uionis
1483 941 1577 1030 suae

53 1127 55 1130 ,
185 1041 260 1130 die
284 1047 396 1136 Urbe
427 1045 635 1135 excedere
656 1057 821 1134 coarslur
836 1044 940 1161 est,
977 1053 1173 1139 &Sabae
1196 1055 1384 1169 ejet‘ios,
1419 1085 1474 1142 ex
1494 1062 1579 1145 Pe·

188 1160 245 1242 tri
274 1163 542 1251 Venerabilis
572 1161 748 1247 Abbatis
780 1163 968 1252 Romam
996 1163 1207 1267 adventu,
1247 1166 1575 1286 ejusdemquein

182 1300 232 1362 ea
275 1275 468 1389 hospitio
505 1279 788 1390 conjet‘turam
821 1278 940 1365 focio
976 1331 989 1356 ·
1038 1281 1183 1380 video
1216 1290 1334 1370 enim
1363 1291 1571 1374 Petrum„

184 1389 345 1476 Urbem
373 1394 498 1477 initio
532 1389 812 1478 pontificatus
848 1400 1038 1508 Eugenii
1092 1395 1368 1512 ingressum,
1404 1417 1488 1486 non
1517 1399 1573 1487 arl

185 1504 491 1594 Monallerium
515 1510 557 1590 S.
572 1507 731 1606 Sabae,
754 1503 808 1591 ad
830 1509 1132 1598 cluniacenses
1162 1513 1254 1598 suos
1282 1521 1346 1599 uti
1369 1532 1575 1626 parerat,

188 1635 314 1732 atque
337 1625 401 1706 uti
443 1615 536 1709 sane
570 1619 730 1710 feciffet
766 1673 781 1721 2
816 1621 843 1707 st
879 1626 1022 1710 locum
1059 1625 1169 1710 lurnc
1198 1629 1424 1716 tenuiilent
1458 1660 1471 1718 t
1502 1627 1574 1716 sed

186 1732 241 1818 ad
265 1741 306 1820 S.
328 1740 514 1822 Mariam
534 1741 702 1822 Novam
724 1734 977 1826 divertisse·
999 1744 1050 1822 ln
1067 1741 1330 1850 primordiis,
1347 1751 1485 1855 inquit
1499 1743 1573 1857 (a)
1610 1764 1896 1844 (auctentum.

184 1847 454 1962 Pontificum
477 1850 649 1934 Domini
660 1857 797 1960 Papae
823 1852 1004 1961 Eugenir'
1017 1907 1032 1953 ,
1061 1854 1116 1938 ad
1137 1855 1381 1961 vificandum
1405 1858 1571 1966 tamip·
1609 1849 1767 1919 Mamas.
1892 1933 1893 1936 r

173 1969 273 2088 sum
287 2021 304 2064 ‚
330 1992 453 2080 quam
489 1992 739 2050 communem
769 1989 942 2050 matrem
974 1973 1203 2052 Romanam
1241 1971 1456 2083 Ecclefiam
1490 1977 1574 2057 Ro-

186 2109 296 2168 mam
332 2077 461 2163 adii.
494 2081 606 2166 illuc
625 2081 874 2191 perveniens
905 2083 1018 2192 apud
1051 2081 1376 2169 ‘cardinalatum
1408 2093 1456 2172 S.
1472 2091 1575 2172 Ma-

184 2196 278 2282 riae
312 2198 488 2294 Nouae,
518 2195 627 2309 quod
646 2197 773 2295 juxta
796 2197 1014 2308 antiquum
1041 2198 1213 2284 Romuli
1243 2203 1461 2312 Templum
1480 2227 1571 2286 corr-

174 2306 383 2432 strublum
419 2304 502 2416 est,
532 2307 752 2421 hospitium
765 2287 933 2426 spstepi
962 2369 973 2392 .
1005 2317 1129 2400 Petri
1160 2309 1212 2396 ad
1237 2314 1396 2400 Urbem
1417 2315 1573 2406 adven-

188 2451 286 2523 tus,
310 2423 375 2508 vel
413 2423 497 2508 hoc
522 2453 666 2522 anno,
696 2453 778 2536 quo
810 2426 927 2508 illum
954 2426 1136 2510 collocat
1170 2431 1374 2512 Batonius
1390 2431 1486 2522 ,vel
1512 2428 1570 2516 se·

187 2541 357 2658 quentis
390 2543 522 2624 initio
543 2545 734 2650 contigit
764 2595 775 2622 .
812 2543 960 2646 Serius
986 2538 1184 2651 protrahi
1222 2546 1368 2652 nequit
1401 2593 1418 2636 r
1450 2544 1569 2632 idem
1631 2613 1636 2618 ,

93 2687 100 2694 ·
149 2689 156 2694 ·
189 2664 304 2748 enim
330 2653 415 2737 alio
445 2661 490 2737 in
527 2655 627 2740 loco
656 2651 829 2738 testatur
860 2652 981 2756 (b),
1013 2651 1052 2738 se
1080 2651 1167 2736 hoo
1192 2652 1283 2767 ipso
1311 2659 1456 2767 primo
1490 2663 1571 2754 Eue
1609 2643 1903 2727 (Ul-ML‘W·

189 2776 307 2886 genii
325 2795 439 2852 anno
454 2770 616 2852 Rornae
637 2764 787 2855 fuiile:
823 2767 1007 2852 uideram
1036 2794 1124 2850 eum
1156 2767 1174 2872 (
1194 2774 1431 2882 Eugenium
1448 2770 1572 2880 >pri-

190 2915 256 2971 mo
282 2909 387 2967 anno
415 2881 675 2994 Apostolatur
710 2879 833 2996 ipstus
865 2885 1019 2968 Romae
1048 2913 1062 2992 3
1090 2879 1225 2992 postea
1256 2883 1443 2967 videram
1468 2882 1570 2968 Clu·

189 2998 305 3087 niacr‘
319 2996 408 3088 &a
440 3001 647 3109 Eugenius
670 3022 831 3108 porro,
852 3017 895 3084 ut
914 2995 1003 3084 dixi
1022 3026 1092 3112 ‚3·
1107 2996 1199 3084 Kal·
1219 3001 1350 3082 Mart·
1368 3025 1455 3088 ann
1473 3022 1565 3103 145·

188 3112 397 3208 Pontifex
434 3133 596 3199 creator
612 3109 669 3196 est
687 3111 834 3202 .Adde
850 3111 965 3225 quod
984 3119 1106 3212 novis
1126 3111 1458 3226 ‚arnaldistarum
1477 3140 1574 3198 mo·

192 3231 308 3318 tibus
329 3229 565 3338 exagitatus
581 3231 794 3337 Eugenius
811 3281 825 3326 ‚
845 3236 989 3342 paucis
1006 3227 1225 3344 postquam
1249 3225 1433 3313 redierat
1455 3256 1574 3314 men·

192 3345 297 3432 ibus
323 3395 339 3441 ‚
365 3341 480 3430 Urbe
507 3349 661 3428 iterum
689 3342 895 3430 excedere
924 3352 1090 3440 coaelus
1125 3340 1181 3428 est
1214 3395 1229 3441 ‚
1262 3369 1389 3468 quarn
1418 3345 1574 3444 Italia,¹

179 3465 228 3558 ‚tr
258 3458 396 3544 Gallia
418 3479 640 3570 peragrata
670 3485 775 3542 anno
809 3477 974 3544 tantum
1014 3485 1134 3568 1149·
1167 3461 1313 3544 revilrt
1335 3457 1365 3558 .}
1381 3455 1463 3544 Sed
1495 3483 1572 3544 nec

192 3581 328 3658 citius
355 3577 589 3659 Decembri
623 3578 721 3656 anni
759 3598 879 3677 ¹¹45·
912 3578 1033 3660 Petri
1060 3573 1269 3658 adventus
1305 3567 1574 3657 statuendus.

191 3698 304 3776 Nam
334 3691 549 3797 Eugenius
566 3741 583 3786 2
603 3707 647 3770 ut
675 3684 899 3783 dicebam,
919 3688 1058 3770 Roma
1076 3693 1216 3774 tertio
1239 3685 1456 3770 electionis.
1484 3681 1584 3787 suae

143 3891 145 3896 ,
195 3804 264 3892 die
295 3803 496 3916 elapsus,
531 3823 656 3915 atque
693 3805 738 3886 in
760 3797 938 3886 Parfenri
974 3799 1157 3885 Abbatia
1194 3795 1465 3883 consecratus
1496 3801 1581 3881 Vi-

195 3918 384 4006 terbium
411 3919 450 4003 se
480 3917 693 4024 contulit;
725 3943 858 4028 neque
897 3915 1016 4002 illinc
1048 3936 1145 4000 ante
1176 3912 1462 3999 Decembrem
1503 3909 1578 4000 hu·

191 4034 303 4150 jalce
322 4041 417 4120 anni
435 4035 617 4118 Romam
652 4028 780 4116 rediit
803 4089 815 4112 .
849 4030 1063 4117 Vetrallae
1084 4026 1325 4113 morabatur
1345 4033 1475 4112 initio
1501 4023 1578 4111 liu·

184 4154 255 4264 jor
288 4149 462 4249 menits,
493 4155 555 4234 uti
581 4147 782 4234 testantur
812 4146 993 4258 ejusdem
1024 4147 1194 4230 litterae
1220 4141 1275 4227 ad
1304 4141 1580 4230 Ludouicum

197 4265 418 4351 Gallorum
447 4268 610 4378 Regem
638 4261 762 4347 datae
784 4264 1008 4348 Kal.'Dec.
1041 4257 1303 4355 Vetrallae,
1337 4286 1439 4372 quas,
1471 4260 1584 4342 reci·

195 4403 259 4468 tat
291 4386 535 4466 Baronius.
570 4377 802 4464 Decembri
854 4395 1032 4464 exeunte
1055 4377 1217 4460 Romae
1244 4369 1385 4458 aderat
1409 4424 1427 4469 2
1455 4367 1592 4483 fiquif,

196 4495 297 4584 dem
333 4497 531 4580 Natalem
573 4497 755 4579 Domini
783 4490 900 4578 diem
926 4496 1090 4576 Romae
1129 4487 1404 4587 celebrauit,
1435 4491 1496 4570 uti
1526 4513 1580 4571 err

197 4621 364 4698 (irrone
401 4607 639 4722 Frisrngenlr
676 4607 805 4693 refert
848 4612 1053 4691 Batonius
1079 4630 1096 4690 a
1124 4606 1185 4685 At
1213 4596 1420 4708 Eugeniur
1447 4625 1583 4686 curra,
1716 4643 1737 4658 w

49 4759 54 4768 '
196 4724 392 4816 Romanis
421 4726 492 4807 hoc
519 4740 699 4833 tempore
721 4741 870 4832 pacem
888 4717 1003 4829 fecit
1031 4773 1049 4818 ,
1075 4737 1123 4802 ut
1152 4714 1408 4803 Patriciatus.
1442 4712 1585 4822 digni*

197 4859 327 4928 tarem
360 4835 684 4952 exfestucarent,
715 4835 758 4929 U
796 4833 1055 4944 Pruefhllum
1086 4833 1130 4914 in
1146 4827 1369 4945 pristinam
1393 4829 1581 4938 dignita·-

198 4980 282 5045 tem
313 4959 547 5070 recrpererrt
574 5013 584 5038 .
616 4957 837 5040 Serraroret
872 4977 966 5038 uero
996 4975 1045 5036 err
1071 4950 1157 5072 ejus
1186 4941 1434 5034 auilorr'tate
1461 4966 1583 5030 terre-

1452 5081 1549 5148 ren!
1568 5085 1586 5144 t
