4440 6354
684 569 815 730 394
895 587 899 592 ·
975 571 1060 662 oe
1096 555 1325 664 verear
1362 563 1778 658 nonoromo.
1955 535 1969 554 ·

677 711 876 828 libraque
905 705 1102 822 oerstondo
1135 733 1236 822 qnos
1264 731 1313 808 en
1332 729 1534 814 gnomone
1549 719 1695 812 portes
1727 699 1853 787 babet
1875 711 2094 803 noveno,

677 843 757 916 eor
777 827 948 914 umbrae
964 821 1082 938 fooit
1117 818 1203 908 otte
1245 821 1294 904 in
1321 815 1597 906 declinatione
1623 816 1728 903 coeli
1761 843 1872 932 quoe
1912 813 1980 930 ‘st
1999 817 2094 904 bie

675 951 832 1034 Rornae
867 997 879 1020 ·
909 938 1039 1058 Qrod
1066 955 1110 1024 ut
1145 938 1360 1048 experirer
1391 988 1406 1036 a
1444 963 1496 1022 ex
1527 955 1678 1020 centro
1707 938 1963 1048 aequatoris
2000 932 2090 1021 de·

678 1058 904 1148 mittebam
932 1050 1276 1172 perpendiculum
1301 1046 1356 1138 acl
1380 1046 1650 1162 superficiem
1669 1075 1906 1136 comanam
1934 1047 2093 1134 horo-

676 1179 787 1290 logii
815 1205 832 1284 ;
861 1171 964 1258 haec
994 1168 1133 1254 autem
1166 1163 1524 1279 perpendicularis
1560 1163 1759 1278 produdla
1791 1163 2092 1276 intelligatur

680 1293 805 1403 usque
838 1283 890 1372 ad
922 1286 1087 1400 planum
1119 1280 1391 1366 horizontale
1424 1286 1492 1365 cui
1521 1286 1655 1366 etiam
1687 1298 1887 1365 occurrat
1922 1279 2091 1368 radius

681 1403 1024 1517 nequinociialis.
1050 1401 1146 1510 Jam
1173 1401 1277 1480 verb
1308 1397 1349 1480 in
1380 1397 1590 1510 triangulo
1615 1393 1849 1510 retiangnlo
1877 1390 1992 1480 dati
2014 1399 2086 1482 al·

679 1515 865 1608 titudine
894 1509 1234 1629 perpendiculari
1275 1509 1459 1625 datoque
1493 1509 1643 1623 angulo
1663 1525 1752 1622 42⁰·
1784 1511 2092 1623 perpendicu-

678 1637 760 1721 lari
789 1631 963 1718 &radio
985 1623 1280 1743 aequinobitli
1303 1623 1633 1740 comprehenso,
1664 1631 1886 1714 invenitur
1902 1621 2092 1713 oiston&

681 1757 742 1838 tia
773 1747 943 1835 umbrae
971 1743 1256 1832 horizontalis
1295 1740 1629 1856 quamproxime
1643 1743 1831 1854 aequalis
1865 1745 2089 1854 partibus

677 1873 771 1952 otio
795 1862 935 1979 petales
967 1864 1334 1948 nonemcontinet
1360 1857 1443 1942 llili
1469 1855 1650 1943 altitudo
1666 1856 2085 1972 perpendicularis.

674 1987 774 2070 Pori
813 1985 977 2064 ratione
1011 1979 1197 2060 inveniri
1231 1969 1362 2087 pollet
1387 1971 1774 2084 Trigonometrici:
1797 1971 1948 2060 umbra
1971 1978 2082 2062 Sol·

675 2093 853 2181 llitialis-
892 2092 961 2178 vel
985 2095 1117 2178 etiam
1155 2116 1229 2201 per
1258 2083 1611 2182 construdtionem
1643 2085 1953 2174 Anotemmoeis
1993 2094 2086 2178 Vi·

678 2214 903 2317 traviaoi3
932 2211 1119 2290 coercita
1158 2222 1300 2290 tamen
1331 2203 1623 2314 Tropicorum
1646 2203 1842 2292 distantii
1866 2225 1979 2316 quae
2012 2210 2084 2321 ju·

679 2324 741 2408 ilo
780 2325 914 2439 major
950 2321 1212 2414 aVitruvio
1242 2314 1515 2402 adhibetur.
1561 2322 1744 2407 Inventi
1773 2325 1915 2408 autern
1946 2320 2080 2407 hori·-

650 2437 836 2524 nontoli
864 2436 1037 2524 umbrae
1067 2429 1294 2535 distantii,
1329 2435 1550 2518 invenitur
1579 2463 1746 2548 quoque
1776 2435 1884 2522 illins
1922 2439 2075 2552 proje-

675 2560 762 2638 oio
792 2557 840 2636 in
868 2547 1104 2667 superficie
1129 2545 1351 2645 concavi,
1383 2545 1504 2633 dunt·
1528 2545 1707 2636 ¹scilicet
1731 2549 1835 2637 redii
1863 2579 1888 2636 a·
1909 2577 2076 2639 centro

528 2661 530 2666 ’
677 2674 925 2778 nequatoris
965 2663 1018 2746 ad
1052 2671 1379 2751 extremitatem
1423 2661 1597 2749 umbrae
1623 2663 1943 2779 horizontalis·,
1967 2697 2078 2784 pun·

682 2787 794 2866 etum
819 2785 935 2866 enim
976 2783 1122 2888 inquo
1154 2783 1261 2864 retia
1297 2777 1369 2862 illa
1390 2775 1635 2892 superficiei
1667 2805 1878 2869 concavae
1903 2811 2071 2868 occur·

682 2901 743 2980 rit
764 2944 779 2991 a
804 2899 891 2982 erit
920 2891 1097 2978 umbrae
1134 2892 1356 3004 vestigium
1382 2894 1425 2974 in
1451 2887 1602 2981 eidem
1625 2890 1881 3009 superficie.
1916 2893 2078 3015 Qarb

674 3005 790 3096 datis
836 3005 1135 3124 aequinodiali
1175 3005 1555 3120 Solilitialibulque
1591 3010 1802 3110 umbria,
1843 3011 1936 3100 dati
1975 3011 2075 3098 sture

674 3127 914 3234 aequatoris
958 3128 1313 3237 tropicarumque
1340 3119 1486 3217 radii,
1512 3150 1560 3208 ac
1574 3123 1755 3237 proinde
1784 3127 1973 3214 construi
1990 3153 2075 3241 po·

672 3235 751 3324 test
782 3237 1056 3350 horologium
1085 3242 1135 3336 in·
1168 3235 1416 3346 hemicyclo
1445 3237 1513 3324 vel
1545 3245 1596 3325 in
1622 3235 2072 3355 aliisuperfici'econ-

671 3353 812 3440 cavi.
843 3351 929 3441 Sed
953 3351 1059 3438 hoec
1094 3379 1225 3464 pauca
1273 3347 1509 3438 observaiie'
1536 3354 1635 3440 satis
1665 3355 1713 3441 sat
1740 3385 1791 3443 en
1816 3357 1972 3472 quibus·
1995 3360 2078 3442 Vi·

673 3469 869 3553 truviaoa
903 3464 1237 3575 horologiorum
1283 3461 1536 3552 constructio
1562 3469 1757 3584 intelligi·
1771 3470 1933 3586 potest.
1959 3479 2080 3561 Coe·

671 3595 810 3666 terum
834 3581 907 3665 hic
929 3573 1190 3680 monendum
1235 3574 1415 3693 superest
1446 3583 1583 3668 irrito
1610 3593 1769 3676 conatu
1796 3615 1819 3674 n
1850 3589 2076 3676 nonnullis

671 3692 921 3809 investigari
950 3719 1002 3779 ex
1023 3755 1025 3760 -
1046 3690 1210 3779 umbris
1242 3689 1546 3782 solstitialibus
1578 3700 1628 3787 in
1652 3696 1855 3789 fimilibue
1887 3701 2075 3790 horolo-

671 3811 753 3916 giis
797 3811 1083 3924 Tropicorum
1123 3803 1369 3895 distantiam
1395 3858 1410 3906 ‚
1435 3837 1485 3898 ex
1511 3809 1591 3922 qud·
1613 3809 1773 3904 deinde
1802 3818 2076 3926 obliquitatis

670 3922 912 4036 Eclipticae
961 3921 1313 4022 decrementum,
1341 3925 1377 4008 dc
1404 3953 1453 4010 ex
1481 3921 1570 4039 ipso
1595 3925 1875 4018 decremento
1894 3931 2077 4020 horolo-

670 4039 944 4145 giiaetatem
986 4043 1212 4150 conjee‘tari
1238 4035 1512 4156 praesumunt.
1544 4045 1600 4126 bt
1632 4042 1807 4156 quidem
1837 4050 1878 4132 in
1902 4075 1946 4132 re
1977 4071 2073 4138 tam

667 4145 815 4240 subtili
852 4152 1009 4235 nullius
1038 4153 1240 4254 utilitatis
1272 4149 1351 4244 elie
1375 4152 1536 4266 potum
1563 4161 1744 4246 minima
1763 4161 2072 4266 minuimento,

670 4260 766 4354 rud-i
806 4265 1125 4378 negligentiore
1153 4287 1276 4349 manu
1305 4286 1350 4380 ut
1386 4269 1621 4379 plurimum
1646 4273 1888 4364 elaborata.

723 4401 725 4406 ‘
777 4382 899 4466 'Haec
919 4377 1062 4488 sunta
1089 4382 1167 4465 vir
1192 4374 1460 4482 dooiome,
1490 4412 1594 4504 quae
1623 4387 1678 4478 de
1708 4388 1792 4478 hoc
1822 4392 2066 4511 horologio

490 4539 496 4546 ι
663 4491 722 4578 'ad
748 4515 791 4582 te
822 4487 1160 4608 perfbribe'rem.
1205 4493 1493 4604 Vehementer
1529 4523 1693 4617 exopto·
1719 4527 1766 4594 ut
1794 4507 1899 4598 haec
1920 4512 2067 4600 oblata

665 4609 835 4695 oceaho
866 4607 1270 4730 veterem'nostram
1283 4611 1636 4744 consuetudinem
1659 4617 1956 4737 redintegrare
1971 4622 2074 4744 pos·

667 4718 718 4806 srt
749 4744 871 4834 atque
894 4726 1179 4835 confirmare;
1227 4725 1343 4836 quod
1373 4729 1548 4846 [quidem
1579 4732 1909 4846 jucundiffituum
1947 4743 2068 4836 mibi

663 4833 856 4932 brorum
877 4839 956 4934 elie
987 4839 1224 4960 pericnlum
1244 4837 1395 4937 habeas
1421 4845 1584 4958 uelim.

1826 5047 1837 5060 ’
1867 5055 2074 5188 nuntie
