4440 6368
313 761 317 769 ,
355 681 398 760 (α)
418 681 496 780 Paul·
513 683 647 746 ummo
681 555 743 776 sus
772 678 844 796 (a)
872 731 885 756 w·
915 675 1006 796 ⁴§zai
1014 677 1161 796 frater
1183 703 1262 762 aaa
1288 671 1344 785 esl
1367 707 1384 772 5
1397 673 1447 782 st
1462 675 1665 784 fraterna
1699 669 1882 778 caritate
1902 673 2066 791 ¹diligi·

351 761 522 905 libissilssff
531 765 647 826 '³⁰³⁶'
678 823 784 896 tur,
813 791 927 884 ‘relic
948 821 1039 884 cam
1063 789 1418 912 nominesaasab
1445 787 1733 904 appellatione
1748 790 1921 902 fratris.
1939 793 2064 880 heres

679 911 940 1032 instituitur.
970 917 1082 996 Nam
1100 906 1216 996 srcuti
1241 928 1410 992 mutuus
1431 935 1588 1016 amor,
1613 933 1741 1020 quem
1770 923 1915 992 natura
1942 913 2064 996 inter

529 1075 554 1088 „„
680 1035 862 1120 nutrices
889 1029 926 1114 8(
959 1025 1146 1120 alumnos
1166 1026 1420 1120 ,excitavit,
1451 1025 1591 1108 ita-eli
1616 1019 1877 1118 vehemens,
1915 1040 1958 1106 ut
1977 1049 2065 1110 nu··

679 1155 810 1236 trices
828 1143 1016 1228 alumnos
1034 1137 1127 1224 suos
1146 1137 1448 1252 appellaverint
1472 1135 1616 1234 filios,
1632 1139 1669 1222 8(
1691 1133 1872 1221 vicisim
1892 1135 2062 1226 alumni

719 1263 882 1348 matria
905 1283 1063 1342 nomen
1099 1255 1332 1340 nutricibus
1365 1251 1597 1338 tribuerint
1615 1256 1695 1362 3ita
1723 1254 1885 1336 merito
1900 1249 2054 1340 fratris

678 1377 938 1488 nuncupatio
982 1372 1044 1456 illi
1073 1368 1249 1456 debetur
1282 1395 1407 1483 quem
1444 1365 1640 1454 frater-no
1667 1391 1813 1452 amore
1841 1361 2061 1478 prosequi·

677 1523 800 1578 mure
829 1495 979 1600 Neque
1006 1513 1113 1570 ‘vero
1143 1482 1215 1569 sub
1244 1481 1328 1566 hoc
1365 1487 1541 1566 nomine
1566 1479 1729 1592 fratris
1766 1485 1933 1564 incerta
1962 1507 2059 1565 ma·

564 1685 567 1690 .
667 1609 790 1692 nebit
823 1599 995 1688 heredis
1022 1596 1224 1711 persona.
1257 1603 1430 1682 Etenim
1442 1593 1491 1702 st
1523 1594 1568 1679 ia
1590 1611 1752 1703 patre,
1791 1591 2020 1704 aelpatria
2037 1647 2058 1690 ‚

677 1723 747 1808 uel
773 1717 862 1804 alia
889 1711 1249 1826 tejlatorirstmili
1269 1710 1532 1828 afflamptr'ane
1544 1708 1705 1822 falsam
1719 1707 1931 1820 scriptam
1966 1705 2052 1822 est,

669 1838 771 1920 dam
801 1832 851 1916 de
883 1858 953 1930 ea,
984 1827 1059 1942 qai
1082 1823 1380 1938 demonstratas
1390 1823 1457 1937 stt
1488 1890 1501 1928 ,
1530 1820 1711 1936 constet,
1737 1819 1940 1936 institatia
1976 1851 2057 1908 aa·

341 1945 634 2045 psrursyerbuau
668 1953 735 2034 let
763 1948 858 2058 (b).
886 1949 1028 2029 ¹Porro
1047 1937 1288 2024 Sanliiniar
1311 1939 1531 2037 Genialis,
1561 1944 1606 2023 in
1632 1939 1743 2037 hac,
1776 1945 1815 2025 8(
1837 1945 1942 2023 Aur.
1961 1940 2054 2025 Va·

298 2115 299 2118 ¹
337 2025 512 2126 mlm‘
654 2064 857 2148 ¹lerianas
884 2064 928 2143 in
953 2057 1035 2141 alia
1075 2053 1353 2166 inscriptione
1385 2059 1449 2161 (a)
1482 2055 1902 2168 Tellatorisnomen
1926 2083 2050 2166 prae·

337 2162 377 2237 (⁶³
396 2165 544 2243 ¹²²3·³¹³·
667 2180 803 2265 serunt
830 2229 843 2275 ,
874 2176 970 2288 quia
1002 2198 1101 2256 curn
1133 2169 1254 2256 bonis
1289 2175 1423 2256 etiam
1453 2173 1625 2255 nomen
1648 2167 1703 2254 ad
1734 2167 1828 2254 illos
1865 2168 2050 2254 transla-

665 2313 754 2378 tum
783 2291 880 2376 est.
986 2355 987 2358 a
1413 2309 1421 2322 “
1558 2319 1560 2322 ·

656 2471 657 2476 a
764 2411 948 2491 'Morem
959 2399 1264 2487 'huncberedis
1278 2396 1538 2508 instituendi
1542 2403 1627 2514 stab
1645 2399 1928 2514 appellatione
1945 2399 2048 2509 faa·

338 2504 385 2585 ‘sl
404 2509 542 2589 ΡΜ·
652 2525 743 2606 tris
766 2517 961 2606 mirifice
975 2515 1281 2630 commendare
1296 2514 1473 2602 videtur
1488 2517 1724 2632 Inscriptio
1750 2523 1805 2603 Τ.
1822 2521 1926 2599 Aar.
1942 2519 2053 2600 Gra·

659 2633 701 2718 ti
728 2635 821 2746 (d)·
853 2637 1028 2716 Etenim
1068 2641 1236 2717 certum
1275 2659 1360 2715 non
1388 2630 1445 2718 eli
1469 2685 1486 2731 ,
1518 2629 1731 2722 Aurelium
1768 2633 2044 2718 Valerianum

658 2745 738 2834 esse
759 2749 941 2832 iratrem
971 2752 1020 2833 T·
1054 2747 1221 2833 Aurelii
1247 2749 1406 2846 Grati,
1436 2748 1539 2834 licet
1566 2777 1727 2836 xnomeu
1754 2751 1914 2835 Gentis
1934 2752 2046 2832 utri-

600 2955 606 2970 ·
687 2889 737 2945 ue
762 2857 1059 2947 communesrt
1138 2859 1308 2950 Deinde
1349 2861 1544 2950 Aurelius
1585 2867 1827 2964 Valerianus
1857 2860 2043 2948 fratrem

656 2893 775 3062 lmus
804 2985 839 3058 8(
871 2982 1056 3061 amicum
1090 2973 1129 3061 se
1155 2983 1353 3064 nominat
1388 2981 1439 3062 T.
1472 2980 1636 3065 Aurelii
1680 2983 1852 3066 Grati.
1899 2981 2044 3090 Igitur

655 3089 933 3175 verosimilius
958 3089 1143 3176 eleur.
1165 3095 1440 3180 Valerianum
1466 3089 1582 3180 fuisse
1606 3093 1903 3180 tantummodo
1919 3097 2043 3176 'Ami-

537 3233 545 3240 ··
652 3231 750 3289 cum
780 3205 952 3290 alterius
981 3205 1183 3300 Aurelii,
1207 3210 1249 3291 8(
1267 3213 1373 3322 ·quia
1404 3209 1454 3290 ab
1488 3207 1573 3290 ‘ho'c
1607 3217 1734 3296 unice
1772 3205 2039 3322 diligeretur,

650 3317 722 3402 sub
758 3317 1039 3430 appellatione
1071 3318 1233 3428 fratris
1264 3375 1275 3423 ,
1302 3340 1345 3405 ut
1387 3323 1583 3432 loquitur
1615 3331 1748 3411 citata
1782 3323 1845 3410 lex
1879 3321 2043 3416 ›here-

449 3459 451 3468 ’
510 3455 513 3460 ’
645 3432 740 3516 alem
768 3429 886 3517 suilse
920 3427 1159 3518 institutum
1190 3443 1370 3550 ,Atque
1403 3433 1508 3520 haec
1542 3442 1650 3524 ratio
1683 3505 1698 3542 ,
1732 3466 1829 3524 meo
1859 3434 2039 3554 quidem

288 3558 364 3624 (ι)
382 3557 416 3651 lp
444 3551 558 3656 Adpot.
578 3559 614 3623 aa
645 3547 806 3659 judicio
840 3595 856 3644 2
888 3549 1023 3658 magis
1054 3571 1182 3659 quam
1219 3550 1350 3640 altera
1366 3549 1543 3666 superius
1578 3551 1886 3668 proposuisse)
1916 3603 1934 3646 2
1963 3549 2036 3636 hic

320 3631 449 3770 ᾈξξῖρῑ·
472 3639 501 3698 ³·
523 3647 590 3700 ΛΨ·
645 3663 788 3748 locum
822 3657 894 3746 srbi
927 3657 1140 3748 vindicat·
1535 3733 1537 3736 .

685 3797 693 3816 ·
760 3777 913 3892 QVOS
944 3780 1222 3868 SECVNDO
1270 3784 1403 3869 HER·
1433 3782 1510 3866 &c-
1550 3816 1582 3861 ’.-
1626 3785 2040 3899 Huiusmodibere·

641 3889 716 3974 des
749 3889 1001 3975 dicebantur
1033 3893 1431 4009 etiumfiabstitati,
1461 3899 1497 3982 8(
1529 3900 1912 4012 Secaradillerader
1940 3955 1955 4003 ‚
1988 3917 2035 3988 ut

640 4011 772 4086 etiam
815 4007 858 4086 in
898 4004 1038 4114 lapide
1081 4039 1177 4098 mox
1218 4007 1470 4126 descript03
1500 4015 1536 4096 8(
1560 4011 1743 4126 secundo
1770 4015 2041 4127 gradasari·

309 4135 361 4212 (s)
379 4135 410 4194 (ιι
426 4135 457 4198 a.
474 4136 493 4201 1.
507 4138 600 4224 unq.
626 4115 703 4223 pti
731 4110 861 4228 (s),
895 4119 958 4200 uel
995 4119 1179 4224 instituti
1210 4135 1279 4234 (g)
1303 4181 1316 4229 ,
1351 4129 1416 4214 vel
1437 4127 1615 4241 secanda
1635 4129 1719 4213 laco
1740 4131 1902 4245 scripti
1930 4135 2031 4240 (h).

224 4336 232 4354 s
305 4217 597 4376 gfffffigflfflus
713 4232 976 4316 .Poslremo
1007 4231 1329 4324 observandum
1352 4241 1409 4326 est
1445 4248 1491 4324 in
1529 4240 1613 4325 hoc
1648 4271 1964 4348 monumento,
1997 4249 2034 4336 8(

304 4378 374 4450 (ψ.
632 4351 686 4430 io
708 4345 799 4432 aliis
827 4347 988 4432 duobus
1023 4347 1083 4461 (i)
1108 4379 1257 4437 curam
1289 4351 1488 4448 faciendi¹
1516 4351 1721 4470 sepulchri
1740 4361 1936 4472 secandis
1965 4361 2033 4448 he·

302 4457 591 4600 glrslcuvsstifflosffi
631 4461 797 4592 redibas
829 4463 1097 4554 commissam
1132 4466 1247 4556 esse.

300 4617 336 4694 (r)
360 4619 501 4696 &lg-313·
