4530 6352
144 709 146 712 ,
489 599 1341 704 vrrr·ruu-ruscr1rrrotvuvt
1413 709 1415 714 ι
1483 609 1609 737 203¹
1868 563 1883 600 ²

150 755 170 865 ‘g
225 747 291 838 iia
310 742 455 865 filiis,
475 746 623 862 statim
658 737 769 832 enim
795 747 1017 862 strbjirr'r:
1036 751 1236 859 Turaque
1255 743 1446 857 primurn
1461 747 1615 860 priva·

226 883 525 976 rerumrerum
545 860 798 980 procuratio
822 861 1041 979 constituta
1061 859 1137 976 est.
1172 866 1289 948 Haec
1308 864 1406 949 ille:
1439 893 1520 978 ego
1546 869 1615 949 ni·

229 983 291 1067 bil
312 985 475 1078 ttaxuo,
499 1009 634 1095 neque
663 983 779 1065 enim
810 987 952 1092 paucis
984 984 1151 1064 trat‘lari
1174 976 1247 1063 illa
1268 975 1460 1094 polluat,
1480 981 1614 1096 pluri·

226 1099 299 1184 bos
330 1095 477 1179 harum
503 1096 828 1184 adnotationum
859 1103 971 1183 ratio
987 1123 1070 1180 non
1090 1098 1265 1208 patitur·
1287 1094 1386 1206 Quo
1403 1123 1513 1182 anno
1538 1099 1616 1182 ob·

224 1215 326 1328 jerit
351 1213 575 1298 Marcellus
597 1217 839 1318 incertum,
867 1217 1076 1298 extremis
1101 1207 1271 1296 fortasle
1288 1215 1508 1298 Severiani
1528 1216 1615 1297 lm·

224 1332 337 1445 perii
365 1330 513 1430 annis,
542 1325 840 1440 Heliogabalus
857 1379 860 1384 ·
876 1324 1077 1440 siquidem
1099 1351 1209 1410 anno
1226 1328 1356 1438 Vulg.
1384 1359 1479 1416 aere
1509 1351 1614 1434 204..

226 1464 348 1530 natus
372 1439 541 1544 fertur,
581 1445 647 1527 vel
682 1441 891 1531 Caracalla
921 1447 1165 1554 Imperante
1195 1465 1210 1549 3
1251 1447 1432 1530 Velitris
1468 1441 1613 1559 objisse

116 1587 123 1592 ·
228 1561 348 1646 illum
372 1587 422 1644 ex
454 1559 531 1643 hac
563 1558 782 1673 sepulcrali
805 1584 906 1641 urna
925 1555 1092 1642 ibidem
1122 1574 1316 1670 reperta,
1338 1586 1422 1645 non
1448 1581 1612 1648 temero

224 1672 448 1788 'suspicari
466 1671 698 1786 pollemus.
1370 1781 1371 1784 p

346 1787 654 1876 ΠΡΙΒΑΤΗΣ
686 1845 698 1868 .
736 1785 981 1874 ΕΡΑΡΙΟΥ
1013 1837 1026 1868 .
1059 1789 1237 1876 Latinae
1275 1816 1402 1876 voces
1429 1793 1612 1877 Graecis

229 1905 396 1992 litteris
438 1907 476 1990 ir
518 1907 684 1992 Graeca
718 1905 949 1988 inflexione
988 1901 1184 2016 expressis
1220 1955 1236 2002 ,
1274 1905 1386 2017 quod
1413 1895 1613 2017 Juniores

233 2023 429 2109 Graecos
453 2017 596 2108 facere
625 2015 884 2106 consuevisse
917 2019 1067 2104 harum
1101 2049 1243 2106 rervm
1274 2026 1405 2133 periti
1431 2042 1609 2105 norunt.

346 2131 991 2222 Hrettorunerettuvoc:
1014 2132 1252 2250 l'lpaesseorp
1271 2133 1501 2223 dicendum
1528 2134 1617 2224 fue·

238 2268 331 2351 rat,
361 2277 443 2333 vox
478 2258 598 2336 enim
631 2255 836 2348 Ηγεμονος
867 2275 953 2332 non
983 2258 1090 2337 reete
1120 2251 1301 2362 legionis
1331 2251 1516 2364 legatum
1545 2285 1614 2341 ex·

97 2425 98 2430 a
233 2370 417 2480 pri-mit.
455 2363 689 2484 l'lparssevrn
720 2370 913 2464 Aavrovor
940 2367 1194 2452 A'Ouarnac
1219 2365 1331 2478 leges
1352 2363 1469 2482 ¹apud
1503 2373 1617 2456 Gru·

236 2503 377 2568 terum
407 2481 501 2588 (a).
1656 2450 1699 2528 (at
1721 2455 1943 2532 Grutpaeers.

351 2602 406 2678 At
438 2623 520 2686 non
550 2604 642 2690 leve
685 2599 757 2684 hic
785 2601 1008 2711 negotium
1043 2593 1250 2684 exhibent
1286 2661 1300 2700 ,
1343 2598 1485 2712 Siglae
1520 2599 1616 2686 illae
1657 2554 1765 2598 nm

243 2712 304 2814 ὅ,
328 2707 415 2802 fd,
443 2717 561 2820 ἔξω,
593 2715 790 2806 inlatino
825 2719 1169 2826 epigrammate,
1196 2709 1299 2826 quid
1332 2721 1447 2799 enim
1472 2713 1526 2800 de
1559 2721 1614 2801 iis

238 2845 412 2932 statuam
442 2865 525 2923 non
560 2831 690 2920 video
722 2883 735 2927 ,
763 2823 1017 2944 praesertim
1046 2855 1144 2912 cum
1180 2835 1351 2914 Graeco
1392 2837 1436 2914 in
1471 2831 1616 2942 elogio

243 2959 353 3045 nihil
384 2957 433 3044 fit
451 3005 466 3047 ,
487 2947 603 3064 quod
630 2943 683 3032 ad
707 2945 798 3028 illas
831 2941 980 3028 referri
1002 2963 1152 3056 queat.
1184 2942 1373 3030 Obscura
1401 2951 1445 3030 in
1475 2974 1519 3031 re
1549 2951 1619 3029 ni·

242 3077 303 3160 hil
333 3071 428 3160 dici
460 3058 732 3148 commodius
763 3057 880 3172 posse
908 3055 1125 3156 arbitror,
1154 3087 1276 3172 quam
1301 3056 1410 3172 figlis
1431 3060 1518 3145 willis
1550 3057 1619 3140 sti-

239 3187 445 3306 pendium
476 3177 723 3290 defignari,
768 3171 881 3288 quod
911 3178 955 3256 in
985 3202 1223 3288 unaquaque
1253 3181 1618 3290 procuratione„

246 3301 473 3392 Marcellus
502 3291 779 3410 percipiebat.
799 3293 1109 3374 Procuratores
1128 3293 1347 3404 Principis
1364 3289 1414 3375 ab
1433 3287 1619 3403 Augullo

249 3419 467 3508 inllitutor
499 3437 521 3494 a
553 3404 765 3522 stipendio
786 3432 945 3489 nomen
967 3401 1146 3490 sortitos
1168 3407 1283 3492 tellis
1312 3401 1369 3490 ell
1412 3411 1500 3491 Dio
1528 3405 1620 3514 (b),

254 3541 285 3624 S
290 3561 369 3619 ane
395 3523 738 3616 Procuratoribrrs
765 3517 853 3632 istis
883 3518 1014 3636 ipsam
1040 3544 1186 3603 nomen
1210 3519 1327 3632 affieri
1340 3521 1418 3634 stri
1435 3551 1460 3603 a
1475 3547 1624 3604 rame·

250 3679 296 3739 ro
321 3642 561 3762 pecuniae,
596 3666 718 3756 qaam
745 3639 830 3750 ejus
859 3643 1033 3721 nomine
1054 3635 1321 3744 arriperent,
1346 3635 1530 3718 inditam
1556 3631 1621 3743 est.

252 3759 505 3878 Hujusmodi
534 3761 839 3842 Procuratores
858 3745 1165 3860 „sexagenarios
1184 3805 1197 3850 ,
1215 3748 1484 3833 Camerarius
1504 3803 1518 3848 ,
1541 3756 1627 3831 Dr-

255 3878 443 3972 cerarios
470 3871 559 3968 &a
584 3867 718 3988 vqvod
751 3866 937 3956 sestertia
977 3871 1190 3978 Sexagena
1219 3918 1235 3965 ,
1266 3867 1502 3964 Centena,
1542 3869 1628 3948 Du·

256 4025 359 4086 cena
397 3985 597 4102 llipendii
644 3991 818 4071 nomine
862 3981 1108 4070 obtinerent
1141 4014 1158 4093 3
1197 3985 1268 4096 qui
1300 3982 1335 4065 &
1370 3981 1630 4066 Procurato-

257 4145 323 4202 res
358 4109 411 4196 ad
445 4109 545 4192 HSS
583 4163 593 4186 .
642 4109 859 4216 Sexagena
901 4097 954 4183 ad
1002 4103 1143 4214 His..
1192 4103 1430 4188 Centena,
1468 4097 1505 4180 8(
1539 4101 1630 4180 Du·
1694 4091 1696 4102 '

256 4217 781 4333 cenanoncopari.,svnt'.,
825 4219 887 4300 uti
928 4243 979 4302 ex
1020 4219 1160 4301 veteri
1200 4208 1339 4324 lapide
1384 4209 1630 4318 observavit
2024 4289 2027 4292 .

259 4336 475 4435 Salmatlus
497 4337 605 4446 ως
633 4361 721 4418 nec·
737 4327 869 4418 'aliter
888 4330 1043 4416 eodem
1070 4325 1268 4415 Salmasxo
1298 4329 1536 4436 interprete
1559 4351 1633 4412 ex·
1669 4327 1711 4402 (e)
1733 4317 1959 4422 retractant.

260 4451 479 4578 plicandus
508 4451 776 4559 Capitolinus
809 4475 906 4530 cum
943 4453 1002 4531 ait
1038 4445 1129 4552 (d)
1162 4445 1434 4529 Pertinacem
1461 4439 1513 4526 ad
1544 4447 1634 4540 Due
1671 4405 1961 4564 {sspssffssssgfssnlqg

261 4574 403 4663 cenam
454 4561 689 4677 Sesterrr'im
734 4559 990 4678 stipendium
1036 4559 1290 4642 translatam
1331 4553 1377 4638 in
1425 4551 1635 4662 Daciom3
1672 4568 1849 4629 ravenna

265 4693 335 4779 his
362 4683 472 4768 nihil
501 4677 613 4763 aliud
655 4685 843 4764 innuitur
880 4705 1047 4789 ,quam
1080 4678 1351 4759 Pertinacem
1379 4671 1638 4757 Procurato-

270 4834 360 4894 rem
389 4798 675 4885 Ducenarium
706 4800 864 4880 Daciae
901 4813 1123 4876 creatum.
1157 4791 1470 4872 Procuratorem
1509 4794 1640 4871 Duce·

271 4919 435 5008 nariam
472 4911 742 5008 memorant,
774 4913 1001 4992 Svetonius
1030 4960 1045 5007 ‚
1074 4907 1110 4990 8(
1134 4903 1360 5016 Appuleius
1392 4903 1489 5012 (e)·
1520 4908 1637 4989 Novi
1677 4913 1716 4997 (e)
1740 4905 1964 4974 sva-venua

271 5026 595 5148 sanegTurnebo
627 5020 841 5139 ‚aliisque
863 5021 999 5108 doeiis
1044 5023 1153 5105 viris
1196 5023 1524 5114 Procuratorem
1553 5025 1644 5104 Du·
1676 4991 1943 5076 ‘·²⁴·ll'‘¹¹l'¹¹·

1016 5141 1145 5224 cca
1519 5161 1668 5226 cenas

1659 3381 1954 3472 (blial-sapsas·
1999 3429 2004 3440 ,
