4478 6360
712 491 748 612 8
804 549 833 636 3
961 511 1510 640 orss'unrsrro
1558 515 1816 607 nuru-a
1873 573 1876 580 .
1989 579 1991 582 .

377 665 669 770 (aiielmefflffi
707 662 844 770 inquit
873 653 941 768 (a)
968 643 1162 777 bobiense
1187 651 1383 752 videratur
1417 659 1587 746 Tralles
1608 658 1660 738 ud
1674 655 1816 766 stnum
1833 655 2084 752 Melunurn,
2203 745 2205 748 ,

343 859 348 868 ,
377 739 673 860 ¹³³“·G‘“⁰'¹''²⁰⁴3
706 774 774 861 uel
799 800 915 862 mure
945 779 1156 881 Aegeum,
1191 779 1266 862 aut
1301 773 1618 882 Strymonium,
1645 767 1692 854 in
1711 768 1867 858 itinere
1885 775 2087 887 quailer·

691 892 763 1008 fir
793 888 1027 974 Graeciamw
1043 892 1220 1005 petebat
1249 889 1392 990 uicini,
1418 887 1592 1000 Sapueis
1623 940 1639 986 ,
1666 886 1913 974 versinus.
1948 893 2086 973 Ferox

703 1035 832 1121 genus
871 1003 1094 1092 hominum
1137 1011 1172 1093 8(
1205 1004 1258 1093 ad
1291 1005 1444 1092 caedes
1476 1024 1666 1119 paratum
1704 999 1820 1090 suere
1848 1005 2023 1091 Tralles
2057 995 2086 1082 sr

376 1139 634 1230 reinmarum
704 1120 909 1210 Helichio
940 1121 1008 1232 (b)
1039 1119 1290 1210 credimus:
1339 1121 1509 1208 Tralles
1550 1122 1690 1232 inquit
1732 1170 1748 1210 ,
1781 1119 1848 1255 ste
1886 1134 2087 1204 uocantur

705 1240 888 1326 Thraces
925 1234 1107 1322 rnercele
1139 1233 1330 1324 carduili
1360 1249 1390 1320 a
1415 1234 1582 1344 regibus
1604 1287 1619 1331 ,
1646 1231 1720 1344 qai
1735 1235 1845 1322 lucre
1874 1237 1995 1351 cuasa
2015 1233 2088 1315 ha·

249 1363 272 1430 '2‘
375 1395 583 1485 mmmm,
703 1352 871 1436 rnicidia
901 1371 1155 1464 perpetrant
1182 1389 1194 1442 ;
1223 1351 1448 1437 Haesrehio
1496 1347 1715 1434 subscribit
1747 1354 1981 1438 Palmerius
2016 1345 2084 1452 (c)

691 1467 927 1580 frangens,
959 1467 1170 1579 aelsaiiia
1192 1469 1392 1582 quaedam
1412 1463 1622 1550 militaris
1641 1514 1655 1561 ,
1674 1458 1727 1555 ῥ’
1744 1491 1771 1545 a
1785 1467 1933 1579 quibus
1953 1461 2084 1552 Tral-

672 1588 763 1678 .les
788 1583 962 1668 celebris
997 1583 1119 1685 Aſsae
1150 1586 1250 1669 urbs
1277 1607 1423 1667 nornen
1452 1575 1603 1666 babuit
1622 1631 1784 1662 ......
1806 1610 1912 1693 gens
1927 1581 2086 1691 seraa,

700 1699 755 1794 ὅ)
788 1698 967 1785 crudelis
998 1729 1010 1785 e
1050 1700 1138 1784 idea
1174 1731 1223 1784 ea
1254 1699 1483 1784 urebantur
1512 1696 1568 1780 ad
1594 1693 1734 1780 caedes
1763 1698 1986 1802 sariendus
2018 1721 2089 1779 re·

693 1847 807 1930 ges,
839 1809 892 1903 o
924 1816 1116 1925 Tyranni
1147 1874 1157 1896 .
1192 1823 1306 1902 Hinc
1339 1839 1598 1927 nequaquam
1639 1813 1865 1900 miraberis
1893 1867 1909 1913 ,
1936 1809 1962 1895 s1
1993 1819 2086 1896 An·

700 1932 855 2018 tiocho
881 1939 1017 2042 Syria:
1051 1933 1151 2044 rege
1173 1937 1259 2032 ,ἃ
1293 1933 1499 2014 Romanis
1535 1929 1671 2009 Lucio
1694 1928 1903 2042 Scipione
1936 1934 2083 2041 Impe-

701 2073 845 2133 ratore
876 2051 928 2132 ad
950 2047 1207 2154 Magnesiam
1231 2043 1541 2160 pugnantibuS,
1578 2060 1754 2152 utraque
1785 2049 1829 2127 in
1848 2050 1939 2132 acie
1955 2041 2084 2131 Tral-

241 2249 249 2266 .
371 2169 662 2261 (neral'rbmau
699 2162 760 2247 les
789 2162 973 2247 militare
1011 2163 1123 2275 legas
1160 2163 1266 2275 apud
1304 2153 1489 2245 Livium
1516 2155 1615 2264 (d).
1648 2162 1763 2254 Gens
1787 2167 1988 2272 pecuniae
2019 2157 2085 2244 su·

374 2276 524 2390 ¹5³9·4⁰'
701 2307 777 2396 pra
811 2277 988 2362 morium
1030 2276 1218 2390 cupida,
1252 2283 1405 2386 cuique
1437 2272 1599 2353 milites
1624 2267 1830 2359 scribenti
1867 2329 1883 2373 ,
1925 2303 2084 2361 nomen

375 2439 663 2530 “mmmmm
699 2396 825 2479 dabat
846 2393 992 2476 suum·
1026 2399 1148 2480 Utris
1182 2419 1283 2476 vero
1303 2385 1525 2475 Trallibus
1542 2437 1556 2483 ,
1576 2382 1810 2491 Eaunaiae,
1837 2388 2082 2494 Seleuciae,

320 2583 322 2586 .
377 2536 474 2616 steph.
499 2535 663 2616 Ἡρα·
699 2507 953 2606 ennianae,
979 2505 1063 2594 sive
1094 2529 1136 2592 ut
1155 2505 1379 2594 Holilenio
1410 2501 1580 2614 placet,
1620 2507 1825 2609 Erymnae
1849 2514 1914 2611 (e)
1939 2513 2084 2593 nomi·

361 2641 462 2722 Μ·
698 2653 749 2708 na
778 2624 993 2718 tribuam,
1020 2628 1146 2708 unine
1181 2625 1330 2706 omnia
1365 2685 1378 2721 ,
1414 2645 1465 2700 an
1495 2616 1703 2728 quaedam
1732 2627 1876 2730 potius
1905 2642 2083 2732 pracan-

684 2736 937 2854 fialarilur,
978 2737 1182 2848 quaedam
1217 2734 1412 2835 Carinis,
1442 2737 1629 2817 incertus
1664 2733 1750 2816 sum
1769 2786 1792 2831 ,
1813 2763 1891 2820 nec
1924 2735 2084 2824 defini·

697 2885 743 2941 re
772 2851 935 2962 aulim3
980 2852 1051 2936 alii
1092 2853 1268 2939 statuent
1296 2875 1476 2964 quorum
1527 2845 1635 2933 scire
1672 2845 1718 2930 id
1757 2849 1962 2963 interiit,
2000 2880 2077 2938 nos

697 2997 804 3086 quae
837 2967 995 3050 iubae
1024 2975 1142 3053 numi
1172 2991 1292 3082 parre
1320 2964 1409 3048 sunt
1440 2961 1600 3073 reliqua
1631 2960 1958 3078 prosequamur.
2062 3003 2063 3008 ¹

811 3083 883 3168 ul.
941 3085 1217 3168 TAUilISCI
1255 3105 1408 3166 nomeu
1435 3074 1606 3163 exhibet
1634 3103 1816 3187 energia
1853 3080 1967 3196 quod
2006 3109 2080 3169 vo·

692 3219 787 3286 cant
806 3199 906 3310 (r).
931 3197 1127 3281 Scribam
1161 3196 1329 3281 scilicet
1368 3189 1716 3291 Trallianorum,
1753 3223 1849 3279 nam
1883 3199 2081 3310 &fral-

694 3315 836 3413 lilus,
873 3317 935 3396 uti
964 3315 1000 3396 &
1034 3317 1079 3396 in
1110 3313 1208 3397 allis
1240 3314 1394 3396 Cariae
1424 3304 1675 3420 praesertim
1699 3373 1713 3410 ‚
1741 3311 1939 3420 Lydiae,
1981 3316 2080 3424 My·

683 3429 804 3528 siae,
833 3426 1052 3542 Phrygiae
1073 3492 1087 3531 ,
1112 3447 1238 3542 atque
1257 3422 1376 3515 Asiae
1391 3419 1708 3540 proconsularis
1723 3426 1932 3522 urbibus,
1961 3428 2081 3516 Scri·

1979 3548 2075 3630 burn
2099 3544 2105 3551 ’

513 3851 520 3862 „
783 3777 847 3876 (r)
899 3785 1047 3870 Taurisci
1080 3805 1204 3852 nomeu
1243 3805 1309 3852 nou
1337 3783 1489 3875 ignotum
1515 3783 1601 3874 apud
1618 3769 2072 3860 Trallianos‚·Hermerotes

388 3879 442 3976 sa>
464 3873 535 3936 urin.
556 3873 600 3936 Η·
619 3869 664 3936 N·
688 3877 838 3952 Taurilizi
860 3879 1040 3974 Sculptoris
1066 3876 1254 3959 Tralliani,
1281 3899 1447 3950 memorat
1472 3877 1599 3950 Plinius
1626 3878 1709 3976 (a).
1737 3893 1942 3952 Hermerores
1957 3884 2078 3954 Tauri·
2140 3929 2144 3938 ·

340 4071 342 4076 Ι
374 3958 579 4095 ¹¹2²·'fffvli'b‘'
593 3974 623 4025 ⁵·
682 3981 734 4070 sci
755 4001 815 4050 nan
831 3974 1007 4050 caelatoris
1031 3975 1124 4049 illius
1136 4025 1149 4057 ,
1170 3976 1331 4049 Ciziceni
1345 3978 1528 4054 nimirum.
1555 3982 1649 4060 cujus
1670 3996 1746 4050 ante
1767 3973 1832 4072 (b)
1853 3977 2075 4064 meminerat,

373 4045 481 4181 ᾖ]
541 4054 664 4098 'nm'
683 4078 741 4168 sel
763 4072 946 4148 Tralliani.
975 4075 1076 4149 Extat
1101 4078 1134 4147 in
1159 4073 1350 4148 Florentino
1381 4073 1523 4147 Musaeo
1546 4099 1688 4170 ¹gemma.
1708 4077 1873 4168 quaedam
1896 4096 2078 4156 montem..

688 4174 853 4246 exhibens
874 4198 911 4244 ac
940 4170 1038 4266 super
1056 4172 1150 4244 iilum
1166 4172 1278 4243 Solem
1295 4173 1458 4254 stantem,
1484 4174 1517 4243 in
1543 4177 1612 4255 eius
1637 4197 1713 4246 urea
1732 4175 1816 4244 haec
1838 4171 1941 4244 incisa
1958 4172 2080 4271 legun·

373 4292 664 4372 (cssrufirloffln,
687 4288 766 4344 tur.
793 4273 987 4346 TATPIC.
1012 4274 1083 4357 Qu
1103 4268 1278 4342 Musaeum
1298 4269 1381 4340 illud
1396 4273 1481 4340 notis
1495 4269 1689 4352 illustravit,
1713 4277 1769 4368 qui
1787 4268 1879 4358 fiat,
1898 4272 2076 4370 inquit(r)

372 4395 509 4458 purus
525 4377 572 4445 36·
688 4369 725 4442 ia·
752 4391 874 4444 mantes
898 4371 1021 4444 indicat
1046 4370 1216 4464 inscriptio
1241 4367 1350 4437 eadem
1377 4365 1514 4452 artificis
1542 4393 1636 4441 mann
1661 4373 1762 4459 incisa
1787 4396 1928 4455 anam,
1954 4371 2075 4443 duabus

687 4464 810 4540 litteris
831 4464 1072 4568 pretermissa,
1086 4487 1222 4561 quarum
1231 4487 1363 4560 genna
1377 4466 1442 4536 uix
1458 4483 1569 4563 rapax
1593 4471 1626 4538 ei
1654 4471 1728 4556 uisa
1741 4467 1804 4552 es,
1828 4497 1866 4542 ne
1879 4473 2075 4560 deformare·
2190 4513 2197 4530 ι

685 4583 769 4654 turs
790 4569 944 4640 nimirum
973 4563 1149 4653 Taurisci,
1187 4567 1243 4662 qui
1273 4559 1401 4656 alpibus
1423 4566 1591 4636 neliuntur
1618 4569 1653 4635 in
1672 4563 1791 4650 finibus
1821 4572 2073 4648 Helvetiorum,

689 4670 735 4739 (r
759 4689 780 4736 a
807 4661 962 4738 Strabone
983 4659 1225 4752 describuntur.
1254 4660 1351 4734 Haec
1374 4659 1432 4733 ille
1453 4710 1466 4732 .
1489 4666 1536 4732 At
1561 4663 1585 4732 sr
1610 4687 1665 4733 me
1694 4665 1785 4736 audis
1802 4669 1951 4740 Artificis
1978 4665 2072 4750 illic,

688 4785 754 4833 non
778 4765 900 4835 montis
925 4787 1047 4833 nomen
1074 4756 1266 4854 agnosces.
1292 4761 1457 4832 Gemmas
1485 4761 1633 4830 Artificis
1657 4764 1794 4834 nomine
1818 4767 1983 4862 signatas,
2010 4790 2075 4836 no·
2100 4783 2112 4808 ι’

686 4880 785 4941 runt,
804 4864 862 4956 qui
886 4861 982 4932 rebus
1008 4857 1099 4929 hisce
1120 4855 1353 4956 delesiuntur.
1375 4859 1506 4928 Horum
1526 4861 1661 4930 nomina
1688 4858 1774 4932 bene
1802 4865 1905 4937 multa
1930 4861 2072 4960 collegit

687 4955 851 5032 Nicolaus
863 4958 1042 5031 Galeottus
1066 4959 1196 5037 notter,
1220 4959 1254 5027 iu
1267 4957 1372 5049 praef.
1393 4957 1434 5028 ad
1450 4957 1625 5030 Musaeum
1641 4956 1931 5047 Odel'calchium,
1952 4963 2070 5059 quibus

686 5061 829 5152 sauir,
848 5057 905 5136 vel
929 5059 1099 5158 Tauriscus
1129 5056 1207 5134 addi
1229 5078 1297 5129 uon
1320 5074 1452 5134 temere
1481 5058 1606 5154 poterit
1631 5079 1686 5132 rue
1708 5059 1855 5142 iudice:
