4404 6352
658 607 793 742 354
1069 599 1705 704 sYLtoGE..

654 747 815 832 Christi
843 746 1105 856 martyrium
1131 739 1357 828 sustinuisse
1395 797 1407 822 .
1440 743 1599 830 Verum
1632 795 1647 842 s
1675 757 1719 828 ut
1754 740 1879 828 haec
1919 739 2078 850 conje-

664 868 777 944 riura
806 859 905 944 satis
934 856 1073 944 ualida
1101 855 1214 942 soret
1245 921 1260 960 ,
1292 852 1409 956 scitej
1435 877 1694 968 oporteret,
1728 879 1891 944 utrum
1928 853 2079 940 noster

605 983 609 992 ’
663 974 738 1060 hic
773 973 880 1088 lapis
921 973 1069 1060 saltem
1095 978 1227 1058 ,inter
1256 969 1417 1056 loculos
1456 973 1527 1054 SS.
1552 979 1802 1090 Martyrum
1858 989 2076 1085 repertus

666 1089 828 1178 suerit·
858 1089 1065 1176 Arbitror
1092 1091 1209 1178 enim
1238 1081 1356 1186 fuisse
1388 1093 1435 1170 in
1454 1088 1743 1174 Coemeteriis
1780 1089 2082 1202 peculiarem

645 1207 805 1290 'locum
842 1207 887 1290 in
922 1231 1008 1319 quo
1046 1207 1289 1316 Martyrum
1323 1205 1502 1288 exuviae
1542 1199 1839 1294 conderentur
1878 1257 1894 1302 ,
1935 1205 1978 1289 ἃ
2012 1199 2084 1283 ali·

659 1349 762 1433 quos
787 1324 1002 1428 Martyres
1032 1315 1092 1404 ibi
1125 1313 1339 1434 depositos
1356 1366 1370 1414 ,
1400 1319 1681 1430 quintorum
1708 1316 1889 1403 tumulo
1919 1311 2082 1402 inscri-

663 1456 782 1550 ptum
814 1433 943 1520 fuerit
981 1443 1208 1548 proprium
1233 1457 1413 1531 nomen,
1448 1426 1514 1514 tel
1545 1459 1567 1514 a
1598 1429 1773 1544 pellatio
1815 1439 2081 1544 Martyris,-

662 1553 732 1638 vel
761 1545 998 1666 appofitam
1020 1541 1232 1664 sanguinis
1266 1545 1523 1658 ampullam.
1552 1461 1648 1660 &a
1675 1540 1739 1632 de³
1755 1575 1806 1634 re
1826 1547 1936 1636 alio
1968 1570 2085 1634 tem·

654 1693 757 1785 pore
784 1661 1014 1752 disseram.
1736 1685 1738 1690 ·
1766 1669 1771 1674 '

770 1789 885 1870 Dum
905 1775 1179 1869 Christianae
1207 1773 1511 1892 Inscriptiones
1532 1801 1563 1861 a·
1578 1779 1829 1864 Muratorio
1854 1777 2078 1866 collectas

661 1897 961 2014 pervolverem
1013 1897 1300 1985 animadverti
1345 1889 1542 2008 quasdam
1583 1888 1709 2008 ipsius
1743 1891 2085 1981 adnotationes

489 2103 495 2110 .
660 2009 870 2099 nonsatis
912 2011 1112 2126 castigate
1152 2006 1384 2128 propositas
1417 2069 1430 2094 .
1463 2015 1611 2125 ltaque
1651 2008 1785 2096 ueluti
1822 2007 2086 2096 coronidis

660 2131 758 2217 loco
791 2156 940 2241 paucas
974 2134 1017 2214 in
1041 2133 1329 2226 Muratorium
1348 2119 1731 2240 animadversiones
1765 2122 1955 2214 addere
1979 2155 2085 2210 con·

659 2263 800 2330 tentus
835 2274 913 2344 ero
946 2283 969 2322 ··
999 2247 1150 2332 Primo
1184 2248 1329 2358 itaque·
1371 2241 1491 2358 affert
1518 2239 1760 2358 sequentem
1799 2238 2087 2358 inscriptio·

658 2385 783 2446 nem:

1243 2447 1501 2594 rorvrrr.⁴
1562 2513 1568 2522 ·

653 2761 659 2766 .
754 2659 759 2686 ‘
838 2676 1654 2802 ‘arcurerrsctrrurrce
1721 2711 1724 2717 ·
1808 2661 1828 2702 ³

719 2919 724 2926 ,
893 2821 1080 2908 nauus
1115 2821 1562 2944 rrrrrnrrnrrrs]

890 2969 1379 3087 aruunaurrour
1411 2975 1580 3060 urxrr
1675 2997 1677 3002 s

888 3111 1064 3195 ANNIS
1096 3113 1149 3197 IL
1178 3117 1224 3200 M
1260 3114 1656 3228 xu11.›o.·t>.·11.
1686 3122 1748 3207 ID

886 3253 1006 3342 IVN.
1031 3258 1108 3340 &n
1149 3384 1152 3389 Ι

634 3493 929 3618 (sequuntur
956 3501 1114 3593 deinde
1146 3507 1306 3604 literae
1329 3511 1626 3612 Rabbirricae‚
1655 3543 1790 3630 quae,
1824 3535 1876 3630 ut
1915 3518 2073 3630 ipsu

659 3619 884 3730 conjicit,
917 3615 1157 3734 significant
1183 3655 1203 3738 ¹a
1234 3629 1288 3710 Et
1317 3627 1463 3716 Fratri
1487 3631 1664 3747 pacifico
1685 3631 1731 3717 in
1761 3623 1879 3746 pare
1915 3631 2072 3722 secura

649 3727 818 3850 pfffflr
842 3734 931 3836 eius
952 3737 1000 3850 t:
1032 3739 1069 3824 dt
1101 3744 1160 3824 ait
1187 3771 1199 3828 ε
1231 3743 1342 3828 Hinc
1369 3743 1591 3858 discimus,
1610 3751 1823 3862 fhrmtrsas
1853 3753 1899 3838 in
1923 3777 2069 3868 paces

660 3849 714 3941 ὁ·
741 3847 930 3963 deposta
963 3879 1044 3938 nott
1076 3853 1327 3970 Christianis
1353 3876 1545 3960 tantum,
1562 3862 2071 3980 sed&‘Judaeisf11ss·

646 3969 701 4082 se
732 3991 959 4074 communes
989 4002 1002 4057 ε
1029 3965 1083 4062 &⁴
1104 3973 1283 4091 fortaffe
1309 3974 1412 4062 illas
1443 4005 1470 4060 a
1496 3977 1672 4085 'Judaeis
1703 3981 1895 4068 mutuati
1922 3982 2065 4093 fluere

330 4085 627 4184 (asserentum.
663 4073 917 4190 christiani.
957 4083 1171 4195 Qramris
1197 4089 1333 4179 hoca
1368 4094 1554 4180 veritate
1582 4127 1664 4182 oon
1692 4095 1928 4188 abhorreat
1967 4095 2070 4207 (α),

327 4175 630 4318 ᾞῖᾗᾛὲζ
664 4215 884 4294 attamen,
913 4225 964 4285 ex
988 4225 1069 4283 utra
1097 4217 1264 4290 tantum
1301 4201 1583 4324 inscriptione
1613 4242 1698 4300 non
1724 4211 1978 4302 admodum
1995 4243 2070 4300 atr·

325 4327 444 4428 ,ronne
473 4337 560 4394 earam
588 4341 630 4400 a.
663 4317 823 4428 tiqua,
853 4330 895 4395 ut
926 4319 1262 4404 commonstrant
1299 4321 1526 4410 Rabbinici
1561 4325 1822 4416 characteres
1845 4329 2070 4430 ,eadem-

325 4407 622 4497 ⁰⁴“¹“1¹·²⁵³·²⁵4’
659 4457 783 4544 que,
812 4449 854 4514 ut
887 4428 977 4546 i'pse
1009 4427 1210 4536 fatetur,
1239 4462 1388 4550 parum
1428 4465 1625 4530 accurate
1651 4441 1864 4558 descripta
1898 4501 1915 4548 ,
1960 4441 2069 4534 illtrd

427 4551 436 4571 '
660 4547 819 4633 ducere
847 4573 931 4634 noo
952 4543 1170 4652 debebat,
1197 4551 1311 4668 quod
1324 4554 1408 4668 ipse
1438 4583 1693 4676 magnopere
1722 4562 1847 4666 resset
1866 4619 1884 4642 .
1908 4568 2068 4650 Mons·

579 4761 584 4772 .
659 4691 705 4749 re
736 4683 879 4749 autem
909 4685 1082 4779 poterat
1118 4699 1243 4766 ,nos
1277 4669 1454 4782 quidem
1491 4679 1668 4761 vocibus
1704 4675 1892 4788 potuisse
1928 4707 2065 4766 curn.

568 4825 570 4830 -
654 4775 826 4896 Judaeis
858 4787 1124 4878 conventre,
1160 4785 1231 4874 sed
1257 4815 1302 4872 re
1338 4783 1428 4902 ipsa
1448 4813 1645 4903 magnam
1665 4806 1763 4876 cuni
1789 4791 1894 4904 ipsts
1931 4795 2065 4881 nobis
2179 4838 2181 4845 ⁴

656 4888 734 4978 eise
760 4885 1049 4984 dissensionem
1081 4929 1099 5008 3
1130 4927 1262 5018 neque
1305 4901 1535 5020 propterea
1582 4906 1863 5000 necessarium
1904 4909 2071 5006 fuisses

522 5067 524 5072 ,
646 5027 701 5102 ,ut
734 5009 917 5098 nolitia
948 5013 1116 5128 Judreis
1157 5021 1273 5108 illam
1302 5017 1558 5139 praesertim
1589 5023 1822 5112 formulam
1863 5031 1943 5116 IN
1981 5034 2078 5118 Pa-
